<record><leader>00000cas a2200000 a 4500</leader><controlfield tag="001">30332825</controlfield><controlfield tag="008">940426d19101924cauwr ne      0    0eng d</controlfield><datafield ind1=" " ind2=" " tag="010"><subfield code="a">sn 94051533 </subfield></datafield><datafield ind1=" " ind2=" " tag="040"><subfield code="a">CNK</subfield><subfield code="b">eng</subfield><subfield code="c">CNK</subfield><subfield code="d">FUG</subfield><subfield code="d">OCLCQ</subfield><subfield code="d">CRU</subfield><subfield code="d">CUS</subfield><subfield code="d">OCLCQ</subfield><subfield code="d">CNK</subfield><subfield code="d">OCLCF</subfield><subfield code="d">OCLCO</subfield></datafield><datafield ind1="1" ind2=" " tag="029"><subfield code="a">AU@</subfield><subfield code="b">000025865131</subfield></datafield><datafield ind1=" " ind2=" " tag="042"><subfield code="a">msc</subfield></datafield><datafield ind1=" " ind2=" " tag="043"><subfield code="a">n-us-ca</subfield></datafield><datafield ind1="1" ind2="4" tag="050"><subfield code="a">S1</subfield><subfield code="b">.P2</subfield></datafield><datafield ind1="0" ind2=" " tag="130"><subfield code="a">Pacific rural press (San Francisco, Calif. : 1910)</subfield></datafield><datafield ind1="1" ind2="4" tag="245"><subfield code="a">The Pacific rural press.</subfield></datafield><datafield ind1=" " ind2=" " tag="260"><subfield code="a">San Francisco [Calif.] :</subfield><subfield code="b">Pacific Rural Press Co.,</subfield><subfield code="c">1910-1924.</subfield></datafield><datafield ind1=" " ind2=" " tag="300"><subfield code="a">v. :</subfield><subfield code="b">ill. ;</subfield><subfield code="c">39 cm.</subfield></datafield><datafield ind1=" " ind2=" " tag="310"><subfield code="a">Weekly</subfield></datafield><datafield ind1="0" ind2=" " tag="362"><subfield code="a">Vol. 80, no. 16 (Oct. 15, 1910)-v. 108, no. 5 (Aug. 2, 1924).</subfield></datafield><datafield ind1=" " ind2=" " tag="530"><subfield code="a">Also issued online.</subfield></datafield><datafield ind1=" " ind2=" " tag="530"><subfield code="a">Master negatives are available for duplication from:</subfield><subfield code="b">California Newspaper Microfilm Archive;</subfield><subfield code="c">for further information consult the CNMA at:</subfield><subfield code="u">http://cbsr.ucr.edu.</subfield></datafield><datafield ind1=" " ind2="0" tag="650"><subfield code="a">Agriculture</subfield><subfield code="z">California</subfield><subfield code="v">Newspapers.</subfield></datafield><datafield ind1=" " ind2="0" tag="651"><subfield code="a">San Francisco (Calif.)</subfield><subfield code="v">Newspapers.</subfield></datafield><datafield ind1=" " ind2="7" tag="655"><subfield code="a">Newspapers.</subfield><subfield code="2">fast</subfield><subfield code="0">(OCoLC)fst01423814</subfield></datafield><datafield ind1=" " ind2="7" tag="650"><subfield code="a">Agriculture.</subfield><subfield code="2">fast</subfield><subfield code="0">(OCoLC)fst00801355</subfield></datafield><datafield ind1=" " ind2="7" tag="651"><subfield code="a">California.</subfield><subfield code="2">fast</subfield><subfield code="0">(OCoLC)fst01204928</subfield></datafield><datafield ind1=" " ind2="7" tag="651"><subfield code="a">California</subfield><subfield code="z">San Francisco.</subfield><subfield code="2">fast</subfield><subfield code="0">(OCoLC)fst01204481</subfield></datafield><datafield ind1=" " ind2=" " tag="752"><subfield code="a">United States</subfield><subfield code="b">California</subfield><subfield code="c">San Francisco</subfield><subfield code="d">San Francisco.</subfield></datafield><datafield ind1="0" ind2="0" tag="780"><subfield code="t">Pacific rural press and California fruit bulletin</subfield><subfield code="w">(DLC)sn 94051009</subfield><subfield code="w">(OCoLC)20864865</subfield></datafield><datafield ind1="0" ind2="7" tag="785"><subfield code="t">California farmer (Los Angeles, Calif. : 1921)</subfield></datafield><datafield ind1="0" ind2="7" tag="785"><subfield code="t">Pacific rural press and the California farmer</subfield></datafield><datafield ind1="0" ind2="8" tag="776"><subfield code="i">Online version:</subfield><subfield code="t">Pacific rural press (San Francisco, Calif. : 1910)</subfield><subfield code="w">(OCoLC)866871517</subfield></datafield><datafield ind1="4" ind2="1" tag="856"><subfield code="3">1910-1922.</subfield><subfield code="z">Search for articles.</subfield><subfield code="u">http://bibpurl.oclc.org/web/31161</subfield><subfield code="u">http://cdnc.ucr.edu/newsucr</subfield></datafield><datafield ind1="4" ind2="1" tag="856"><subfield code="3">1910-1922.</subfield><subfield code="z">Browse available issues.</subfield><subfield code="u">http://bibpurl.oclc.org/web/39015</subfield><subfield code="u">http://cdnc.ucr.edu/newsucr/cgi-bin/newsucr?a=d&amp;cl=CL1.PRP&amp;e=-------en-logical-20-AL-1-----all</subfield></datafield></record>